@thesis{moreira:2018,
author = {Eduardo Henrique Fonseca Moreira},
title = {Desenvolvimento De Sistema De Feedback
De Consumo Integrado A Software De
Restaurante},
type = {TCC},
year = {2018},
institution = {Curso de Engenharia de Software, Faculdade UnB Gama, Universidade de Brasília}
}

@thesis{knock:2011,
author = {Rafael Knoch },
title = {Sistema Para Controle De Insumos Em
Restaurantes Do Tipo Self-service},
type = {Proposta de TCC},
year = {2011},
institution = {Universidade Regional De Blumenau,
Centro De Ciências Exatas E Naturais,
Curso De Sistemas De Informação – Bacharelado 
},
url = {http://campeche.inf.furb.br/tccs/2012-I/TCC2012-1-15-PR-RafaelKnoch.pdf}
}

@book{fonseca:2018,
title = {Tecnologias Gerenciais de Restaurantes},
author = {Marcelo Traldi Fonseca},
publisher = {Editora Senac},
address = {São Paulo},
year={2018},
edition = {7},
pages = {208}
}